<?xml version = "1.0" encoding = "UTF-8"?><record>
    <leader>00000nmm#a2200000#cb4500</leader>
    <controlfield tag="003">DE-605</controlfield>
    <controlfield tag="005">20191018144200.0</controlfield>
    <controlfield tag="007">cr#|||||||||||</controlfield>
    <controlfield tag="008">191011|2019####gw######o##|########ger#c</controlfield>
    <controlfield tag="009">HT020238044</controlfield>
    <controlfield tag="001">990364302290206441</controlfield>
    <datafield tag="035" ind1=" " ind2=" ">
      <subfield code="a">HT020238044</subfield>
    </datafield>
    <datafield tag="035" ind1=" " ind2=" ">
      <subfield code="a">(DE-605)HT020238044</subfield>
    </datafield>
    <datafield tag="035" ind1=" " ind2=" ">
      <subfield code="a">(ALEPHCCHBZ)036430229HBZ01</subfield>
    </datafield>
    <datafield tag="016" ind1="7" ind2=" ">
      <subfield code="a">1098184977</subfield>
      <subfield code="2">OCoLC</subfield>
    </datafield>
    <datafield tag="020" ind1=" " ind2=" ">
      <subfield code="a">9783838551029</subfield>
    </datafield>
    <datafield tag="035" ind1=" " ind2=" ">
      <subfield code="a">(OCoLC)1098184977</subfield>
      <subfield code="0">(uri) http://www.worldcat.org/oclc/1098184977</subfield>
    </datafield>
    <datafield tag="035" ind1=" " ind2=" ">
      <subfield code="a">(DE-599)BVBBV045487597</subfield>
    </datafield>
    <datafield tag="040" ind1=" " ind2=" ">
      <subfield code="a">61</subfield>
      <subfield code="b">ger</subfield>
      <subfield code="d">61</subfield>
      <subfield code="e">rda</subfield>
    </datafield>
    <datafield tag="041" ind1=" " ind2=" ">
      <subfield code="a">ger</subfield>
    </datafield>
    <datafield tag="044" ind1=" " ind2=" ">
      <subfield code="c">XA-DE-BW</subfield>
    </datafield>
    <datafield tag="084" ind1=" " ind2=" ">
      <subfield code="a">AP 13600</subfield>
      <subfield code="2">rvk</subfield>
    </datafield>
    <datafield tag="084" ind1=" " ind2=" ">
      <subfield code="a">CC 7200</subfield>
      <subfield code="2">rvk</subfield>
    </datafield>
    <datafield tag="084" ind1=" " ind2=" ">
      <subfield code="a">AP 13625</subfield>
      <subfield code="2">rvk</subfield>
    </datafield>
    <datafield tag="100" ind1="1" ind2=" ">
      <subfield code="a">Schicha, Christian</subfield>
      <subfield code="d">1964-</subfield>
      <subfield code="0">(DE-588)114220255</subfield>
      <subfield code="4">aut</subfield>
    </datafield>
    <datafield tag="245" ind1="1" ind2="0">
      <subfield code="a">Medienethik</subfield>
      <subfield code="b">Grundlagen - Anwendungen - Ressourcen</subfield>
      <subfield code="c">Christina Schicha</subfield>
    </datafield>
    <datafield tag="264" ind1=" " ind2="1">
      <subfield code="a">M&#252;nchen</subfield>
      <subfield code="b">UVK Verlag</subfield>
      <subfield code="c">[2019]</subfield>
    </datafield>
    <datafield tag="300" ind1=" " ind2=" ">
      <subfield code="a">1 Online-Ressource (320 Seiten)</subfield>
      <subfield code="b">Diagramme</subfield>
    </datafield>
    <datafield tag="336" ind1=" " ind2=" ">
      <subfield code="b">txt</subfield>
    </datafield>
    <datafield tag="337" ind1=" " ind2=" ">
      <subfield code="b">c</subfield>
    </datafield>
    <datafield tag="338" ind1=" " ind2=" ">
      <subfield code="b">cr</subfield>
    </datafield>
    <datafield tag="490" ind1="0" ind2=" ">
      <subfield code="a">utb</subfield>
      <subfield code="v">5102</subfield>
      <subfield code="a">Medien- und Kommunikationswissenschaft</subfield>
    </datafield>
    <datafield tag="689" ind1="0" ind2="0">
      <subfield code="a">Medien</subfield>
      <subfield code="D">s</subfield>
      <subfield code="0">(DE-588)4169187-8</subfield>
    </datafield>
    <datafield tag="689" ind1="0" ind2="1">
      <subfield code="a">Ethik</subfield>
      <subfield code="D">s</subfield>
      <subfield code="0">(DE-588)4015602-3</subfield>
    </datafield>
    <datafield tag="710" ind1="2" ind2=" ">
      <subfield code="a">Uni-Taschenb&#252;cher GmbH</subfield>
      <subfield code="0">(DE-588)5161273-2</subfield>
      <subfield code="4">pbl</subfield>
    </datafield>
    <datafield tag="776" ind1="0" ind2="8">
      <subfield code="i">Erscheint auch als</subfield>
      <subfield code="n">Druck-Ausgabe</subfield>
      <subfield code="t">Medienethik</subfield>
      <subfield code="z">978-3-8252-5102-4</subfield>
      <subfield code="9">F:776</subfield>
      <subfield code="0">(uri) http://www.isbnsearch.org/isbn/978-3-8252-5102-4</subfield>
    </datafield>
    <datafield tag="856" ind1="4" ind2="0">
      <subfield code="u">https://www.utb-studi-e-book.de/9783838551029</subfield>
      <subfield code="x">Verlag</subfield>
      <subfield code="z">URL des Erstver&#246;ffentlichers</subfield>
      <subfield code="3">Volltext</subfield>
    </datafield>
    <datafield tag="912" ind1=" " ind2=" ">
      <subfield code="a">ZDB-41-UTB</subfield>
      <subfield code="a">ZDB-41-UTBG</subfield>
    </datafield>
    <datafield tag="960" ind1="1" ind2=" ">
      <subfield code="i">iall</subfield>
    </datafield>
    <datafield tag="964" ind1="0" ind2="s">
      <subfield code="F">030</subfield>
      <subfield code="A">a||ur||||||17</subfield>
    </datafield>
    <datafield tag="964" ind1="0" ind2="s">
      <subfield code="F">050</subfield>
      <subfield code="A">||||||||g|||||</subfield>
    </datafield>
    <datafield tag="964" ind1="0" ind2="s">
      <subfield code="F">051</subfield>
      <subfield code="A">s|||||||</subfield>
    </datafield>
    <datafield tag="MBD" ind1=" " ind2=" ">
      <subfield code="M">49HBZ_NETWORK</subfield>
      <subfield code="i">990364302290206441</subfield>
      <subfield code="n">HBZ Network</subfield>
    </datafield>
    <datafield tag="MBD" ind1=" " ind2=" ">
      <subfield code="M">49HBZ_DUE</subfield>
      <subfield code="i">990043008150206443</subfield>
      <subfield code="n">Universit&#228;t D&#252;sseldorf</subfield>
    </datafield>
    <datafield tag="776" ind1="0" ind2="8">
      <subfield code="i">Erscheint auch als</subfield>
      <subfield code="n">Druck-Ausgabe</subfield>
      <subfield code="t">Medienethik</subfield>
      <subfield code="z">978-3-8252-5102-4</subfield>
      <subfield code="9">F:776</subfield>
      <subfield code="M">49HBZ_DUE</subfield>
    </datafield>
    <datafield tag="980" ind1="1" ind2=" ">
      <subfield code="e">ebhand</subfield>
      <subfield code="e">2019</subfield>
      <subfield code="9">LOCAL</subfield>
      <subfield code="M">49HBZ_DUE</subfield>
    </datafield>
    <datafield tag="MNG" ind1=" " ind2=" ">
      <subfield code="f">ILS</subfield>
      <subfield code="i">marc21</subfield>
      <subfield code="k">01</subfield>
      <subfield code="e">false</subfield>
      <subfield code="g">036430229-HBZ01</subfield>
      <subfield code="j">60</subfield>
      <subfield code="a">import</subfield>
      <subfield code="b">2020-07-17 03:13:32 Europe/Berlin</subfield>
    </datafield>
    <datafield tag="POR" ind1=" " ind2=" ">
      <subfield code="x">System</subfield>
      <subfield code="a">5398415440006443</subfield>
      <subfield code="M">49HBZ_DUE</subfield>
      <subfield code="c">static</subfield>
      <subfield code="l">URL des Erstver&#246;ffentlichers</subfield>
      <subfield code="y">2020-07-06 17:33:09 Europe/Berlin</subfield>
      <subfield code="w">2020-07-06 17:33:04 Europe/Berlin</subfield>
      <subfield code="D">https://eu04.alma.exlibrisgroup.com/view/uresolver/49HBZ_NETWORK/openurl?u.ignore_date_coverage=true&amp;portfolio_pid=5398415440006443&amp;Force_direct=true</subfield>
      <subfield code="v">P2E_JOB</subfield>
      <subfield code="z">2020-07-06 15:33:04</subfield>
      <subfield code="i">false</subfield>
      <subfield code="g">X0001</subfield>
      <subfield code="t">ZB19-6661</subfield>
      <subfield code="S">5298415450006443</subfield>
      <subfield code="d">e?u.ignore_date_coverage=true&amp;rft.mms_id=990043008150206443</subfield>
      <subfield code="b">Available</subfield>
      <subfield code="f">DOCUMENT</subfield>
      <subfield code="8">5398415440006443</subfield>
    </datafield>
  </record>